@article{alvaradoPRL85,
  title={Spontaneous spin polarization of photoelectrons from GaAs},
  author={Alvarado, S. F. and Riechert, H. and Christensen, N. E.},
  journal={Phys. Rev. Lett.},
  volume={55},
  number={24},
  pages={2716},
  year={1985},
  publisher={APS}
}

@article{arzatePRB14,
  title={Optical spin- and current-injection study on Si (111)-In surfaces},
  author={Arzate, N. and V{\'a}zquez-Nava, R. A. and Mendoza, B. S.},
  journal={Phys. Rev. B},
  volume={90},
  number={20},
  pages={205310},
  year={2014},
  publisher={APS}
}

@article{awschalomNP2007,
  title={Challenges for semiconductor spintronics},
  author={Awschalom, D. D. and Flatt{\'e}, M. E.},
  journal={Nat. Phys.},
  volume={3},
  number={3},
  pages={153},
  year={2007},
  publisher={Nature Publishing Group}
}

@article{balandinNL08,
    title={Superior thermal conductivity of single-layer graphene},
    author={Balandin, A.A. and Ghosh, S. and Bao, W. and Calizo, I. and
    Teweldebrhan, D. and Miao, F. and Lau, C.N.},
    journal={Nano Lett.},
    volume={8},
    number={3},
    pages={902--907},
    year={2008},
    publisher={ACS Publications}
}

@article{bhatPRL00,
  title={Optically injected spin currents in semiconductors},
  author={Bhat, R. D. R. and Sipe, J. E.},
  journal={Phys. Rev. Lett.},
  volume={85},
  number={25},
  pages={5432},
  year={2000},
  publisher={APS}
}

@article{bhatPRL05,
  title={Pure spin current from one-photon absorption of linearly polarized
  light in noncentrosymmetric semiconductors},
  author={Bhat, R. D. R. and Nastos, F. and Najmaie, A. and Sipe, J. E.},
  journal={Phys. Rev. Lett.},
  volume={94},
  number={9},
  pages={096603},
  year={2005},
  publisher={APS}
}

@article{colettiPRB10,
  title={Charge neutrality and band-gap tuning of epitaxial graphene on SiC by
  molecular doping},
  author={Coletti, Camilla and Riedl, Christian and Lee, Dong Su and Krauss,
  Benjamin and Patthey, Luc and von Klitzing, Klaus and Smet, Jurgen H and
  Starke, Ulrich},
  journal={Phys. Rev. B},
  volume={81},
  number={23},
  pages={235401},
  year={2010},
  publisher={APS}
}

@article{dattaAPL90,
  title={Electronic analog of the electro-optic modulator},
  author={Datta, S. and Das, B.},
  journal={App. Phys. Lett.},
  volume={56},
  number={7},
  pages={665--667},
  year={1990},
  publisher={AIP}
}

@article{eliasS09,
   title={Control of graphene's properties by reversible hydrogenation:
   evidence for graphane},
   author={Elias, D. C. and Nair, R. R. and Mohiuddin, T. M. G. and Morozov, S.
   V. and Blake, P. and Halsall, M. P. and Ferrari, A. C. and Boukhvalov, D. W.
   and Katsnelson, M. I. and Geim, A. K. and K. S. Novoselov},
   journal={Science},
   volume={323},
   number={5914},
   pages={610--613},
   year={2009},
   publisher={American Association for the Advancement of Science}
}

@article{ertlerPRB09,
  title={Electron spin relaxation in graphene: The role of the substrate},
  author={Ertler, C. and Konschuh, S. and Gmitra, M. and Fabian,
  J.},
  journal={Phys. Rev. B},
  volume={80},
  number={4},
  pages={041405},
  year={2009},
  publisher={APS}
}

@article{fabianAPS07,
  title={Semiconductor spintronics},
  author={Fabian, J. and Matos-Abiague, A. and Ertler, C. and
  Stano, P. and Zutic, I.},
  journal={Ac. Phys. Slov.},
  volume={57},
  pages={565},
  year={2007}
}

@article{geimNM07,
    title={The rise of graphene},
    author={Geim, A.K. and Novoselov, K.S.},
    journal={Nat. Mater.},
    volume={6},
    number={3},
    pages={183--191},
    year={2007},
    publisher={Nature Publishing Group}
}

@article{gmitraPRL13,
  title={Spin-orbit coupling in hydrogenated graphene},
  author={Gmitra, M. and Kochan, D. and Fabian, J.},
  journal={Phys. Rev. Lett.},
  volume={110},
  number={24},
  pages={246602},
  year={2013},
  publisher={APS}
}

@article{gonzeCPC09,
  title={ABINIT: First-principles approach to material and nanosystem
  properties},
  author={X. Gonze and B. Amadon and P. M. Anglade and J. M. Beuken and F.
  Bottin and P. Boulanger and F. Bruneval and D. Caliste and R. Caracas and M.
  C\^ot\'e and T. Deutsch and L. Genovese and Ph. Ghosez and M. Giantomassi and
  S. Goedecker and D.R. Hamann and P. Hermet and F. Jollet and G. Jomard and S.
  Leroux and M. Mancini and S. Mazevet and M.J.T. Oliveira and G. Onida and Y.
  Pouillon and T. Rangel and G.-M. Rignanese and D. Sangalli and R. Shaltaf and
  M. Torrent and M.J. Verstraete and G. Zerah and J.W. Zwanziger},
  journal={Comput. Phys. Commun.},
  volume={180},
  number={12},
  pages={2582--2615},
  year={2009},
  publisher={Elsevier}
}

@article{gotteNat16,
  title={Pure spin current devices based on ferromagnetic topological
  insulators},
  author={G{\"o}tte, M. and Joppe, M. and Dahm, T.},
  journal={Scientific Reports},
  volume={6},
  pages={ 36070-- 36077},
  year={2016},
  publisher={Nature Publishing Group}
}

@article{guisingerNL09,
    title={Exposure of epitaxial graphene on SiC (0001) to atomic hydrogen},
    author={Guisinger, N. P. and Rutter, G. M. and Crain, J. N. and First, P.
    N. and Stroscio, J. A.},
    journal={Nano Lett.},
    volume={9},
    number={4},
    pages={1462--1466},
    year={2009},
    publisher={ACS Publications}
}

@article{guoIJ11,
    title={Graphene doping: a review},
    author={Guo, Beidou and Fang, Liang and Zhang, Baohong and Gong, Jian Ru},
    journal={Ins. J.},
    volume={1},
    number={2},
    pages={80--89},
    year={2011}
}

@article{hanPRL07,
    title={Energy band-gap engineering of graphene nanoribbons},
    author={Han, M.Y. and {\"O}zyilmaz, B. and Zhang, Y. and Kim, P.},
    journal={Phys. Rev. Lett.},
    volume={98},
    number={20},
    pages={206805},
    year={2007},
    publisher={APS}
}

@article{hartwigsenPRB98,
  title={Relativistic separable dual-space Gaussian pseudopotentials from H to
  Rn},
  author={Hartwigsen, C. and Goedecker, S. and Hutter, J.},
  journal={Phys. Rev. B},
  volume={58},
  number={7},
  pages={3641},
  year={1998},
  publisher={APS}
}

@article{heerscheNat07,
  title={Bipolar supercurrent in graphene},
  author={Heersche, H. B. and Jarillo-Herrero, P. and Oostinga, J. B. and
  Vandersypen, L. M. K. and Morpurgo, A. F.},
  journal={Nature},
  volume={446},
  number={7131},
  pages={56--59},
  year={2007},
  publisher={Nature Publishing Group}
}

@article{kimuraNGPAM12,
  title={Room-temperature generation of giant pure spin currents using
  epitaxial Co2FeSi spin injectors},
  author={Kimura, T. and Hashimoto, N. and Yamada, S. and Miyao,
  M. and Hamaya, K.},
  journal={NPG Asia Mat.},
  volume={4},
  pages={e9},
  year={2012},
  publisher={Nature Publishing Group}
}

@article{majumdarAPL06,
  title={Application of regioregular polythiophene in spintronic devices: effect
  of interface},
  author={Majumdar, S. and Laiho, R. and Laukkanen, P. and V{\"a}yrynen, I. J.
  and Majumdar, H. S. and {\"O}sterbacka, R.},
  journal={App. Phys. Lett.},
  volume={89},
  number={12},
  pages={122114},
  year={2006},
  publisher={AIP}
}

@article{malPRB03,
  title={Spin-current generation and detection in the presence of an ac gate},
  author={Mal’shukov, AG and Tang, CS and Chu, CS and Chao, Koung-An},
  journal={Phys. Rev. B},
  volume={68},
  number={23},
  pages={233307},
  year={2003},
  publisher={APS}
}

@article{murakamiSc03,
  title={Dissipationless quantum spin current at room temperature},
  author={Murakami, S. and Nagaosa, N. and Zhang, S. C.},
  journal={Science},
  volume={301},
  number={5638},
  pages={1348--1351},
  year={2003},
  publisher={American Association for the Advancement of Science}
}

@article{najmaiePRB03,
  title={All-optical injection and control of spin and electrical currents in
  quantum wells},
  author={Najmaie, A. and Bhat, R. D. R. and Sipe, J. E.},
  journal={Phys. Rev. B},
  volume={68},
  number={16},
  pages={165348},
  year={2003},
  publisher={APS}
}

@article{nastosPRB05,
  title={Scissors implementation within length-gauge formulations of the
  frequency-dependent nonlinear optical response of semiconductors},
  author={Nastos, F. and Olejnik, B. and Schwarz, K. and Sipe, J. E.},
  journal={Phys. Rev. B},
  volume={72},
  number={4},
  pages={045223},
  year={2005},
  publisher={APS}
}

@article{nastosPRB07,
  title={Full band structure LDA and kp calculations of optical spin-injection},
  author={Nastos, F. and Rioux, J. and Strimas-Mackey, M. and Mendoza, B. S.
  and Sipe, J. E.},
  journal={Phys. Rev. B},
  volume={76},
  number={20},
  pages={205113},
  year={2007},
  publisher={APS}
}

@article{niACSN08,
    title={Uniaxial strain on graphene: Raman spectroscopy study and band-gap
    opening},
    author={Ni, Z.H. and Yu, T. and Lu, Y.H. and Wang, Y.Y. and Feng, Y. P. and
    Shen, Z.X.},
    journal={ACS Nano},
    volume={2},
    number={11},
    pages={2301--2305},
    year={2008},
    publisher={ACS Publications}
}

@article{novoselov2S07,
    title={Room-temperature quantum Hall effect in graphene},
    author={Novoselov, K. S. and Jiang, Z. and Zhang, Y. and Morozov, S. V. and
    Stormer, H. L. and Zeitler, U. and Maan, J. C. and Boebinger, G. S. and Kim,
    P. and Geim, A. K.},
    journal={Science},
    volume={315},
    number={5817},
    pages={1379--1379},
    year={2007},
    publisher={American Association for the Advancement of Science}
}

@article{onidaRMP02,
  title = {Electronic excitations: density-functional versus many-body 
  Green’s-function approaches},
  volume = {74},
  shorttitle = {Electronic excitations},
  number = {2},
  urldate = {2013-04-20},
  journal = {Rev. Mod. Phys.},
  author = {Onida, G. and Reining, L. and Rubio, A.},
  year = {2002},
  pages = {601}
}

@article{pershinPRB08,
  title={Spin memristive systems: Spin memory effects in semiconductor
  spintronics},
  author={Pershin, Y. V. and Di Ventra, M.},
  journal={Phys. Rev. B},
  volume={78},
  number={11},
  pages={113309},
  year={2008},
  publisher={APS}
}

@article{reinaNL08,
    title={Large area, few-layer graphene films on arbitrary substrates by
    chemical vapor deposition},
    author={Reina, A. and Jia, X. and Ho, J. and Nezich, D. and Son, H. and
    Bulovic, V. and Dresselhaus, M.S. and Kong, J.},
    journal={Nano Lett.},
    volume={9},
    number={1},
    pages={30--35},
    year={2008},
    publisher={ACS Publications}
}

@article{samarakoonACSN10,
    title={Tunable band gap in hydrogenated bilayer graphene},
    author={Samarakoon, D. K. and Wang, X. Q.},
    journal={ACS Nano},
    volume={4},
    number={7},
    pages={4126--4130},
    year={2010},
    publisher={ACS Publications}
}

@article{schmiedeskampPRL88,
  title={Experimental verification of a new spin-polarization effect in
  photoemission: Polarized photoelectrons from Pt (111) with linearly polarized
  radiation in normal incidence and normal emission},
  author={Schmiedeskamp, B. and Vogt, B. and Heinzmann, U.},
  journal={Phys. Rev. Lett.},
  volume={60},
  number={7},
  pages={651},
  year={1988},
  publisher={APS}
}

@article{sinovaPRB04,
  title={Universal intrinsic spin Hall effect},
  author={Sinova, J. and Culcer, D. and Niu, Q. and Sinitsyn, N. A. and
  Jungwirth, T. and MacDonald, A. H.},
  journal={Phys. Rev. Lett.},
  volume={92},
  number={12},
  pages={126603},
  year={2004},
  publisher={APS}
}

@article{shkrebtiiPSSC12,
  title={Graphene and graphane functionalization with hydrogen: electronic and
  optical signatures},
  author={Shkrebtii, A. I. and Heritage, E. and McNelles, P. and Cabellos, J.
  L. and Mendoza, B. S.},
  journal={Phys. Stat. Sol. (c)},
  volume={9},
  number={6},
  pages={1378--1383},
  year={2012},
  publisher={Wiley Online Library}
}

@article{stevensPRL03,
  title={Quantum interference control of ballistic pure spin currents in
  semiconductors},
  author={Stevens, M. J. and Smirl, A. L. and Bhat, R. D. R. and Najmaie, A.
  and Sipe, J. E. and Van Driel, H. M.},
  journal={Phys. Rev. Lett.},
  volume={90},
  number={13},
  pages={136603},
  year={2003},
  publisher={APS}
}

@article{varykhalovPRB10,
  title={Effect of noble-metal contacts on doping and band gap of graphene},
  author={Varykhalov, A. and Scholz, M. R. and Kim, T. K. and Rader, O.},
  journal={Phys. Rev. B},
  volume={82},
  number={12},
  pages={121101},
  year={2010},
  publisher={APS}
}

@article{weiNL2009,
  title={Synthesis of N-doped graphene by chemical vapor deposition and its
  electrical properties},
  author={Wei, D. and Liu, Y. and Wang, Yu and Zhang, Hongliang and
  Huang, Liping and Yu, Gui},
  journal={Nano lett.},
  volume={9},
  number={5},
  pages={1752--1758},
  year={2009},
  publisher={ACS Publications}
}

% [1] from bathPRL05
@article{wolfSC04,
  title={Spintronics: a spin-based electronics vision for the future},
  author={Wolf, S. A. and Awschalom, D. D. and Buhrman, R. A. and Daughton, J.
  M. and Von Molnar, S. and Roukes, M. L. and Chtchelkanova, A. Y. and Treger,
  D. M.},
  journal={Science},
  volume={294},
  number={5546},
  pages={1488--1495},
  year={2001},
  publisher={AAAS}
}

@article{wojtaszekPRB13,
  title={Enhancement of spin relaxation time in hydrogenated graphene spin-
  valve devices},
  author={Wojtaszek, M. and Vera-Marun, I. J. and Maassen, T. and van Wees, B.
  J.},
  journal={Phys. Rev. B},
  volume={87},
  number={8},
  pages={081402},
  year={2013},
  publisher={APS}
}

@article{zapataPSB2016,
  title={Nonlinear optical responses in hydrogenated graphene structures},
  author={Zapata-Pe{\~n}a, R. and Anderson, S. M. and Mendoza, B.
  S. and Shkrebtii, A. I.},
  journal={Phys. Stat. Sol. (b)},
  volume={253},
  number={2},
  pages={226--233},
  year={2016},
  publisher={Wiley Online Library}
}

@article{zhangN09,
  title={Direct observation of a widely tunable bandgap in bilayer graphene},
  author={Zhang, Y. and Tang, T.T. and Girit, C. and Hao, Z. and Martin, M.C.
  and Zettl, A. and Crommie, M.F. and Shen, Y.R. and Wang, F.},
  journal={Nature},
  volume={459},
  number={7248},
  pages={820--823},
  year={2009},
  publisher={Nature Publishing Group}
}

@article{zhaoPRL2006,
  title={Coherence control of Hall charge and spin currents},
  author={Zhao, H. and Loren, E. J. and Van Driel, H. M. and Smirl, A. L.},
  journal={Phys. Rev. lett.},
  volume={96},
  number={24},
  pages={246601},
  year={2006},
  publisher={APS}
}

%%%%%%%%%%%%%%%%%%%%%%%%%%%%%%%%%%%%%%%%%%%%%%%%%%%%%%%%%%%%%%%%%%%%%%%%%%%%%%%
%%%%%%%%%%%%%%%%%%%%%%%%%%%%%%%%%%   Books   %%%%%%%%%%%%%%%%%%%%%%%%%%%%%%%%%%
%%%%%%%%%%%%%%%%%%%%%%%%%%%%%%%%%%%%%%%%%%%%%%%%%%%%%%%%%%%%%%%%%%%%%%%%%%%%%%%

@book{awschalomSSBM13,
  title={Semiconductor Spintronics and Quantum Computation},
  author={Awschalom, D. D. and Loss, D. and Samarth, N.},
  year={2011},
  publisher={Springer , Berlin; London}
}
