% article bibliography

@article{arzatePRB14,
  title={Optical spin- and current-injection study on Si (111)-In surfaces},
  author={Arzate, N. and V{\'a}zquez-Nava, R. A. and Mendoza, B. S.},
  journal={Phys. Rev. B},
  volume={90},
  number={20},
  pages={205310},
  year={2014},
  publisher={APS}
}

@article{botelloACR14,
  author = {Botello-M{\'e}ndez, A. R. and Dubois, S. M. and Lherbier, A. and
  Charlier, J. C.},
  title = {Achievements of DFT for the Investigation of Graphene-Related
  Nanostructures},
  journal = {Acc. Chem. Res.},
  volume = {47},
  number = {11},
  pages = {3292-3300},
  year = {2014},
  doi = {10.1021/ar500281v}    
}

@article{gonzeCPC09,
  title={ABINIT: First-principles approach to material and nanosystem
  properties},
  author={X. Gonze and B. Amadon and P.-M. Anglade and J.-M. Beuken and F.
  Bottin and P. Boulanger and F. Bruneval and D. Caliste and R. Caracas and M.
  C\^ot\'e and T. Deutsch and L. Genovese and Ph. Ghosez and M. Giantomassi and
  S. Goedecker and D.R. Hamann and P. Hermet and F. Jollet and G. Jomard and S.
  Leroux and M. Mancini and S. Mazevet and M.J.T. Oliveira and G. Onida and Y.
  Pouillon and T. Rangel and G.-M. Rignanese and D. Sangalli and R. Shaltaf and
  M. Torrent and M.J. Verstraete and G. Zerah and J.W. Zwanziger},
  journal={Comput. Phys. Commun.},
  volume={180},
  number={12},
  pages={2582--2615},
  year={2009},
  publisher={Elsevier}
}

@article{hartwigsenPRB98,
  title={Relativistic separable dual-space Gaussian pseudopotentials from H to Rn},
  author={Hartwigsen, C. and Goedecker, S. and Hutter, J.},
  journal={Phys. Rev. B},
  volume={58},
  number={7},
  pages={3641},
  year={1998},
  publisher={APS}
}

@article{karamanisJPCC15,
  title = {Electric Property Variations in Nanosized Hexagonal Boron
  Nitride/Graphene Hybrids},
  author = {Karamanis, P. and Otero, N. and Pouchan, C.},
  journal = {J. Phys. Chem. C},
  volume = {119},
  number = {21},
  pages = {11872-11885},
  year = {2015},
  doi = {10.1021/acs.jpcc.5b02793}
}


@article{onidaRMP02,
  title = {Electronic excitations: density-functional versus many-body 
  Greenâ€™s-function approaches},
  volume = {74},
  shorttitle = {Electronic excitations},
  number = {2},
  urldate = {2013-04-20},
  journal = {Rev. Mod. Phys.},
  author = {Onida, G. and Reining, L. and Rubio, A.},
  year = {2002},
  pages = {601}
}

@article{zapataPSB2016,
  title={Nonlinear optical responses in hydrogenated graphene structures},
  author={Zapata-Pe{\~n}a, Reinaldo and Anderson, Sean M and Mendoza, Bernardo S and Shkrebtii, Anatoli I},
  journal={physica status solidi (b)},
  volume={253},
  number={2},
  pages={226--233},
  year={2016},
  publisher={Wiley Online Library}
}
