@FOOTNOTE{Note1,key="Note1",note="REVTeX~4.1 places the footnotes in the bibliography. It is necessary to run BibTEX for footnotes to appear."}
@CONTROL{REVTEX41Control}
@CONTROL{apsrev41Control,author="08",editor="1",pages="0",title="",year="1"}
